/home/tobiac/mscThesis/personal_repo/report/references.bib