
@book{boyd_sanderson_2003, place={Cambridge}, title={The Physics of Plasmas}, DOI={10.1017/CBO9780511755750}, publisher={Cambridge University Press}, author={Boyd, T. J. M. and Sanderson, J. J.}, year={2003}}

@mastersthesis{stoel,
  author  = "Stoel, Linda",
  title   = "The numerical solution of the Vlasov-Poisson-Fokker-Planck equation in the context of accelerator physics",
  school  = "Utrecht University",
  year    = "2015"
}
@mastersthesis{p3m_ulmer,
  author  = "Ulmer, Benjamin",
  title   = "The P3M Model on Emerging Computer Architectures With Application to Microbunching",
  school  = "ETH ZÃ¼rich",
  year    = "2016"
}

@book{Risken1984FokkerPlanckE,
  title={Fokker-Planck Equation},
  author={Hannes Risken},
  publisher={Springer},
  year={1984}
}

@misc{PlasmaKineticTheory,
  title        = "Plasma Kinetic Theory",
  author       = "Callen, James D.",
  year         = 2018,
  note         = "Accessed: 2023-01-29"
}

@article{rosenbluth,
  title = {Fokker-Planck Equation for an Inverse-Square Force},
  author = {Rosenbluth, Marshall N. and MacDonald, William M. and Judd, David L.},
  journal = {Phys. Rev.},
  volume = {107},
  issue = {1},
  pages = {1--6},
  numpages = {0},
  year = {1957},
  month = {Jul},
  publisher = {American Physical Society},
  doi = {10.1103/PhysRev.107.1},
  url = {https://link.aps.org/doi/10.1103/PhysRev.107.1}
}

